@misc{
sutter-jit,
Author = {Herb Sutter},
Title = {Reader Q\&A: When will better JITs save managed code?},
Journal = {http://herbsutter.com},
Month = Apr,
Year = {2012},
howpublished = {\tiny \url{http://herbsutter.com/2012/04/02/reader-qa-when-will-better-jits-save-managed-code/}} }

@misc{
tsunasblog-dev,
Author = {Benoit Sigoure},
Title = {Devirtualizing method calls in Java},
Journal = {Tsuna's Blog},
Year = {2012},
howpublished = {\tiny \url{http://blog.tsunanet.net/2012/02/devirtualizing-method-calls-in-java.html}} }

@misc{
sutter-why,
Author = {Herb Sutter},
Title = {Why \texttt{C++}?},
Journal = {\texttt{C++} and Beyond 2011},
Month = Sep,
Year = {2011},
howpublished = {\tiny \url{http://channel9.msdn.com/posts/C-and-Beyond-2011-Herb-Sutter-Why-C}}}

@misc{
stroustrup-think,
Author = {Bjarne Stroustrup},
Title = {What do you think of \texttt{C++}11?},
Journal = {\texttt{C++}11FAQ},
Month = Jan,
Year = {2011},
howpublished = {\tiny "\url{http://www.stroustrup.com/C++11FAQ.html\# think}"} }

@misc{
martniho-enable,
Author = {R. Martinho Fernandes},
Title = {Remastered enable\_if},
Journal = {Flaming Dangerzone},
Month = Jun,
Year = {2012},
howpublished = {\tiny "\url{http://rmartinho.github.com/2012/06/01/almost-static-if.html}"} }

@misc{
slatkin-numbers,
Author = {Breet Slatkin},
Title = {Building Scalable Web Applications with Google App Engine},
Journal = {2008 Google I/O Session Videos and Slides},
Month = May,
Year = {2008},
howpublished = {\tiny "\url{https://sites.google.com/site/io/building-scalable-web-applications-with-google-app-engine}"} }

@misc{
Ms-going-native,
Author = {Microsoft},
Title = {MS working on a same compiler for \texttt{C++} AND \texttt{C\#} ! Not in incubation but for production !},
Journal = {http://channel9.msdn.com},
Month = May,
Year = {2012},
howpublished = {\tiny "\url{http://channel9.msdn.com/Forums/Coffeehouse/MS-working-on-a-same-compiler-for-C-AND-C--Not-in-incubation-but-for-production-\#c4b587d72e0304d4bad3aa05901118257}"} }

@misc{
sutter-modern,
Author = {Herb Sutter},
Title = {\texttt{C++}: A Language for Modern Times},
Journal = {\texttt{C++} and Beyond 2011},
Month = Mar,
Year = {2012},
howpublished = {\tiny \url{http://channel9.msdn.com/Shows/The+Knowledge+Chamber/C-A-Language-for-Modern-Times}}}

@misc{
mem-model,
Author = {Hans Boehm},
Title = {Threads and memory model for \texttt{C++}},
Journal = {\url{http://www.hpl.hp.com/personal/Hans\_Boehm/}},
Month = Mar,
Year = {2012},
howpublished = {\tiny \url{http://channel9.msdn.com/Shows/The+Knowledge+Chamber/C-A-Language-for-Modern-Times}}}

@book{Stroustrup:1995:DEC:193198,
 author = {Stroustrup, Bjarne},
 title = {The design and evolution of C++},
 year = {1994},
 isbn = {0-201-54330-3},
 publisher = {ACM Press/Addison-Wesley Publishing Co.},
 address = {New York, NY, USA},
}
