@misc{
interfer,
Author = {KP Zetie and SF Adams and RM Tocknell},
Title = {How does a Mach-Zehnder interferometer work?},
Journal = {Teaching Physics},
Month = Jan,
Year = {2000},
howpublished = {\tiny \url{https://www.cs.princeton.edu/courses/archive/fall06/cos576/papers/zetie_et_al_mach_zehnder00.pdf}}}
